%YAML 1.1
%TAG !u! tag:unity3d.com,2011:
--- !u!1 &8211240538329469134
GameObject:
  m_ObjectHideFlags: 0
  m_CorrespondingSourceObject: {fileID: 0}
  m_PrefabInstance: {fileID: 0}
  m_PrefabAsset: {fileID: 0}
  serializedVersion: 6
  m_Component:
  - component: {fileID: 8211240538329469123}
  - component: {fileID: 8211240538329469121}
  - component: {fileID: 8211240538329469120}
  m_Layer: 10
  m_Name: Start
  m_TagString: Untagged
  m_Icon: {fileID: 0}
  m_NavMeshLayer: 0
  m_StaticEditorFlags: 0
  m_IsActive: 1
--- !u!4 &8211240538329469123
Transform:
  m_ObjectHideFlags: 0
  m_CorrespondingSourceObject: {fileID: 0}
  m_PrefabInstance: {fileID: 0}
  m_PrefabAsset: {fileID: 0}
  m_GameObject: {fileID: 8211240538329469134}
  m_LocalRotation: {x: -0, y: -0, z: -0, w: 1}
  m_LocalPosition: {x: 6.83, y: -7.062, z: 2.05}
  m_LocalScale: {x: 2, y: 2, z: 2}
  m_Children: []
  m_Father: {fileID: 8211240538364141215}
  m_RootOrder: 0
  m_LocalEulerAnglesHint: {x: 0, y: 0, z: 0}
--- !u!114 &8211240538329469121
MonoBehaviour:
  m_ObjectHideFlags: 0
  m_CorrespondingSourceObject: {fileID: 0}
  m_PrefabInstance: {fileID: 0}
  m_PrefabAsset: {fileID: 0}
  m_GameObject: {fileID: 8211240538329469134}
  m_Enabled: 1
  m_EditorHideFlags: 0
  m_Script: {fileID: 11500000, guid: 4947f8e67ee00df48a858b76187ff454, type: 3}
  m_Name: 
  m_EditorClassIdentifier: 
  debugBounceIndex: 0
  bounceIndex: 0
  bounces:
  - givenSpeed: 9
    angle: 66.34
  infinityBounces: 0
  getAngleFromRotation: 0
  levelGenerator: {fileID: 8211240538364141214}
  playerController: {fileID: 0}
--- !u!65 &8211240538329469120
BoxCollider:
  m_ObjectHideFlags: 0
  m_CorrespondingSourceObject: {fileID: 0}
  m_PrefabInstance: {fileID: 0}
  m_PrefabAsset: {fileID: 0}
  m_GameObject: {fileID: 8211240538329469134}
  m_Material: {fileID: 0}
  m_IsTrigger: 1
  m_Enabled: 1
  serializedVersion: 2
  m_Size: {x: 1, y: 1, z: 1}
  m_Center: {x: 0, y: 0, z: 0}
--- !u!1 &8211240538364141212
GameObject:
  m_ObjectHideFlags: 0
  m_CorrespondingSourceObject: {fileID: 0}
  m_PrefabInstance: {fileID: 0}
  m_PrefabAsset: {fileID: 0}
  serializedVersion: 6
  m_Component:
  - component: {fileID: 8211240538364141215}
  - component: {fileID: 8211240538364141214}
  m_Layer: 0
  m_Name: LevelManager
  m_TagString: Untagged
  m_Icon: {fileID: 0}
  m_NavMeshLayer: 0
  m_StaticEditorFlags: 0
  m_IsActive: 1
--- !u!4 &8211240538364141215
Transform:
  m_ObjectHideFlags: 0
  m_CorrespondingSourceObject: {fileID: 0}
  m_PrefabInstance: {fileID: 0}
  m_PrefabAsset: {fileID: 0}
  m_GameObject: {fileID: 8211240538364141212}
  m_LocalRotation: {x: 0, y: 0, z: 0, w: 1}
  m_LocalPosition: {x: -4.72, y: 7.689453, z: -3.1621094}
  m_LocalScale: {x: 1, y: 1, z: 1}
  m_Children:
  - {fileID: 8211240538329469123}
  - {fileID: 6773512884801337589}
  m_Father: {fileID: 0}
  m_RootOrder: 0
  m_LocalEulerAnglesHint: {x: 0, y: 0, z: 0}
--- !u!114 &8211240538364141214
MonoBehaviour:
  m_ObjectHideFlags: 0
  m_CorrespondingSourceObject: {fileID: 0}
  m_PrefabInstance: {fileID: 0}
  m_PrefabAsset: {fileID: 0}
  m_GameObject: {fileID: 8211240538364141212}
  m_Enabled: 1
  m_EditorHideFlags: 0
  m_Script: {fileID: 11500000, guid: 4eedfd377db6601459838dc6b13cad8c, type: 3}
  m_Name: 
  m_EditorClassIdentifier: 
  playerController: {fileID: 0}
  defaultDistance: 10
  defaultHeight: 0
  removeEmpty: 1
  autoPos: 0
  isDebug: 1
  drawArrow: 1
  debugTime: 10
  debugPeriod: 0.2
  bouncerInactiveTime: 2
  startBouncer: {fileID: 8211240538329469121}
  bouncers: []
  flipCountBronze:
    flipCount: 1
    needForWin: 0
    conditionName: BRONZE
  flipCountSerebro:
    flipCount: 2
    needForWin: 0
    conditionName: SILVER
  flipCountGold:
    flipCount: 3
    needForWin: 0
    conditionName: GOLD
  setPlayerToStart: 1
--- !u!1001 &8211240537708386116
PrefabInstance:
  m_ObjectHideFlags: 0
  serializedVersion: 2
  m_Modification:
    m_TransformParent: {fileID: 8211240538364141215}
    m_Modifications:
    - target: {fileID: 4199458560663855005, guid: 18a2c60a2777884498c237e496fd677d,
        type: 3}
      propertyPath: m_Name
      value: Batoot
      objectReference: {fileID: 0}
    - target: {fileID: 4199458560663855005, guid: 18a2c60a2777884498c237e496fd677d,
        type: 3}
      propertyPath: m_StaticEditorFlags
      value: 4294967295
      objectReference: {fileID: 0}
    - target: {fileID: 3455516381778816945, guid: 18a2c60a2777884498c237e496fd677d,
        type: 3}
      propertyPath: m_LocalPosition.x
      value: -25.12
      objectReference: {fileID: 0}
    - target: {fileID: 3455516381778816945, guid: 18a2c60a2777884498c237e496fd677d,
        type: 3}
      propertyPath: m_LocalPosition.y
      value: -6.463
      objectReference: {fileID: 0}
    - target: {fileID: 3455516381778816945, guid: 18a2c60a2777884498c237e496fd677d,
        type: 3}
      propertyPath: m_LocalPosition.z
      value: 3.43
      objectReference: {fileID: 0}
    - target: {fileID: 3455516381778816945, guid: 18a2c60a2777884498c237e496fd677d,
        type: 3}
      propertyPath: m_LocalRotation.x
      value: -0.7071068
      objectReference: {fileID: 0}
    - target: {fileID: 3455516381778816945, guid: 18a2c60a2777884498c237e496fd677d,
        type: 3}
      propertyPath: m_LocalRotation.y
      value: -0
      objectReference: {fileID: 0}
    - target: {fileID: 3455516381778816945, guid: 18a2c60a2777884498c237e496fd677d,
        type: 3}
      propertyPath: m_LocalRotation.z
      value: -0
      objectReference: {fileID: 0}
    - target: {fileID: 3455516381778816945, guid: 18a2c60a2777884498c237e496fd677d,
        type: 3}
      propertyPath: m_LocalRotation.w
      value: 0.7071068
      objectReference: {fileID: 0}
    - target: {fileID: 3455516381778816945, guid: 18a2c60a2777884498c237e496fd677d,
        type: 3}
      propertyPath: m_RootOrder
      value: 1
      objectReference: {fileID: 0}
    - target: {fileID: 3455516381778816945, guid: 18a2c60a2777884498c237e496fd677d,
        type: 3}
      propertyPath: m_LocalEulerAnglesHint.x
      value: -90.00001
      objectReference: {fileID: 0}
    - target: {fileID: 3455516381778816945, guid: 18a2c60a2777884498c237e496fd677d,
        type: 3}
      propertyPath: m_LocalEulerAnglesHint.y
      value: 0
      objectReference: {fileID: 0}
    - target: {fileID: 3455516381778816945, guid: 18a2c60a2777884498c237e496fd677d,
        type: 3}
      propertyPath: m_LocalEulerAnglesHint.z
      value: 0
      objectReference: {fileID: 0}
    - target: {fileID: 3455516381778816945, guid: 18a2c60a2777884498c237e496fd677d,
        type: 3}
      propertyPath: m_LocalScale.y
      value: 2.000001
      objectReference: {fileID: 0}
    - target: {fileID: 3455516381778816945, guid: 18a2c60a2777884498c237e496fd677d,
        type: 3}
      propertyPath: m_LocalScale.z
      value: 2.000001
      objectReference: {fileID: 0}
    - target: {fileID: 3226713404723590583, guid: 18a2c60a2777884498c237e496fd677d,
        type: 3}
      propertyPath: debugBounceIndex
      value: 0
      objectReference: {fileID: 0}
    - target: {fileID: 3226713404723590583, guid: 18a2c60a2777884498c237e496fd677d,
        type: 3}
      propertyPath: levelGenerator
      value: 
      objectReference: {fileID: 8211240538364141214}
    - target: {fileID: 1855061242557695181, guid: 18a2c60a2777884498c237e496fd677d,
        type: 3}
      propertyPath: m_Materials.Array.data[0]
      value: 
      objectReference: {fileID: 2100000, guid: c0cdd4452edf57c40b5aa584a0019022, type: 2}
    - target: {fileID: 1855061242557695181, guid: 18a2c60a2777884498c237e496fd677d,
        type: 3}
      propertyPath: m_Materials.Array.data[1]
      value: 
      objectReference: {fileID: 2100000, guid: 18bc9f1d672f09840a6cf6d83db5351a, type: 2}
    - target: {fileID: 1855061242557695181, guid: 18a2c60a2777884498c237e496fd677d,
        type: 3}
      propertyPath: m_Materials.Array.data[2]
      value: 
      objectReference: {fileID: 2100000, guid: 34fb7e96ee356054db798348e728499d, type: 2}
    m_RemovedComponents: []
  m_SourcePrefab: {fileID: 100100000, guid: 18a2c60a2777884498c237e496fd677d, type: 3}
--- !u!4 &6773512884801337589 stripped
Transform:
  m_CorrespondingSourceObject: {fileID: 3455516381778816945, guid: 18a2c60a2777884498c237e496fd677d,
    type: 3}
  m_PrefabInstance: {fileID: 8211240537708386116}
  m_PrefabAsset: {fileID: 0}
